@article{hodan20166DPoseEstimation,
  title={On Evaluation of 6D Object Pose Estimation},
  author={Hodan, T. and Matas, J. and Obdrzalek, S.},
  journal={European Conference on Computer Vision Workshops (ECCVW)},
  year={2016}
}

@article{hodan2017tless,
  title={{T-LESS}: An {RGB-D} Dataset for {6D} Pose Estimation of Texture-less Objects},
  author={Hodan, T. and Haluza, P. and Obdrzalek, S. and Matas, J. and Lourakis, M. and Zabulis, X.},
  journal={IEEE Winter Conference on Applications of Computer Vision (WACV)},
  year={2017}
}

@article{everingham2015challenge,
  title={The pascal visual object classes challenge: A retrospective.},
  author={Everingham, M. and Eslami, S.A. and Van Gool, L. and Williams, C.K. and Winn, J. and Zisserman, A.},
  journal={ International
Journal of Computer Vision},
  year={2015}
}